@incollection{AgentCell,
  year = {2012},
  isbn = {978-3-642-24321-9},
  booktitle = {Computer Architecture},
  volume = {6161},
  series = {Lecture Notes in Computer Science},
  editor = {Varbanescu, AnaLucia and Molnos, Anca and Nieuwpoort, Rob},
  doi = {10.1007/978-3-642-24322-6_1},
  title = {Accelerating Agent-Based Ecosystem Models Using the Cell Broadband Engine},
  url = {http://dx.doi.org/10.1007/978-3-642-24322-6_1},
  publisher = {Springer Berlin Heidelberg},
  author = {Lange, Michael and Field, Tony},
  pages = {1-12}
},

@incollection{IndvPlanktonEcosystems,
  year = {2007},
  isbn = {978-3-540-72583-1},
  booktitle = {Computational Science – ICCS 2007},
  volume = {4487},
  series = {Lecture Notes in Computer Science},
  editor = {Shi, Yong and Albada, GeertDick and Dongarra, Jack and Sloot, PeterM.A.},
  doi = {10.1007/978-3-540-72584-8_15},
  title = {Creating Individual Based Models of the Plankton Ecosystem},
  url = {http://dx.doi.org/10.1007/978-3-540-72584-8_15},
  publisher = {Springer Berlin Heidelberg},
  author = {Hinsley, Wes and Field, Tony and Woods, John},
  pages = {111-118}
}

@phdthesis{FisheriesRecruitment,
  title = {Testing theories on fisheries recruitment},
  author = {Sinerchia, Matteo},
  year = {2007},
  school = {Imperial College London}
}

@phdthesis{Planktonica,
  title = {Planktonica: A system for doing biological oceanography by computer},
  author = {Hinsley, Westley Richard},
  year = {2005}
}

% Optional fields: type, number, address, month, note
@TECHREPORT{VEW3D,
  author = {Rogers, A},
  title = {A Virtual Ecology Workbench for creating three-dimensional virtual plankton ecosystem},
  institution = {Department of Earth Science and Engineering, Imperial College, London},
  year = {2005}
}

@phdthesis{FluidityVEW,
  author = {Lange, Michael},
  title = {Embedding Individual-Based Plankton Ecosystem Models in a Finite Element Ocean Model},
  school = {Imperial College London},
  year = {2013},
  month = sep
}

@article{Woods2005,
  author = {Woods, J.D.},
  doi = {10.1016/j.pocean.2005.04.003},
  file = {:home/robert3005/Documents/Computing4/project/references/Woods2005.pdf:pdf},
  issn = {00796611},
  journal = {Progress in Oceanography},
  month = oct,
  number = {1-2},
  pages = {84--159},
  title = {{The Lagrangian Ensemble metamodel for simulating plankton ecosystems}},
  url = {http://linkinghub.elsevier.com/retrieve/pii/S0079661105000893},
  volume = {67},
  year = {2005}
}

@article{Nogueira2006,
  author = {Nogueira, E. and Woods, J.D. and Harris, C. and a.J. Field and Talbot, S.},
  doi = {10.1016/j.ecolmodel.2006.04.013},
  file = {:home/robert3005/Documents/Computing4/project/references/NogueiraWoodsHarrisFieldTalbot2006.pdf:pdf},
  issn = {03043800},
  journal = {Ecological Modelling},
  keywords = {allometric relationships,ensemble method,individual-based model,lagrangian},
  month = sep,
  number = {1-2},
  pages = {1--22},
  title = {{Phytoplankton co-existence: Results from an individual-based simulation model}},
  url = {http://linkinghub.elsevier.com/retrieve/pii/S0304380006001670},
  volume = {198},
  year = {2006}
}

@article{Piggot2008,
   author = {{Piggott}, M.~D. and {Gorman}, G.~J. and {Pain}, C.~C. and {Allison}, P.~A. and
  {Candy}, A.~S. and {Martin}, B.~T. and {Wells}, M.~R.},
    title = "{A new computational framework for multi-scale ocean modelling based on adapting unstructured meshes}",
  journal = {International Journal for Numerical Methods in Fluids},
     year = 2008,
    month = mar,
   volume = 56,
    pages = {1003-1015},
      doi = {10.1002/fld.1663},
   adsurl = {http://adsabs.harvard.edu/abs/2008IJNMF..56.1003P},
  adsnote = {Provided by the SAO/NASA Astrophysics Data System}
}

@book{grama2003introduction,
  title = {Introduction to parallel computing},
  author = {Grama, Anath},
  year = {2003},
  publisher = {Pearson Education}
}

@manual{fluidity,
  author = {{Applied Modelling and Computation Group (AMCG)}},
  title = {Fluidity Manual},
  year = {2013},
  month = feb,
  edition = {Version 4.1.10 RELEASE},
  organization = {Department of Earth Science and Engineering},
  address = {South Kensington Campus, Imperial College London, London, SW7 2AZ, UK},
  note = {available \url{http://launchpad.net/fluidity/4.1/4.1.9/+download/fluidity-manual-4.1.10.pdf}}
}

% Optional fields: author, organization, address, edition, month, year, note
@MANUAL{OpenMP3.1,
  title = {OpenMP Application Program Interface},
  author = {{OpenMP Architecture Review Board}},
  month = jul,
  year = 2011,
  note = {available \url{http://www.openmp.org/mp-documents/OpenMP3.1.pdf}},
  edition = {Version 3.1}
}

% Optional fields: author, title, howpublished, month, year, note
@MISC{UnderstandingGIL,
  author = {David Beazley},
  title = {Understanding The Python GIL},
  month = feb,
  year = 2010,
  note = {available \url{www.dabeaz.com/python/UnderstandingGIL.pdf‎}}
}

% Optional fields: author, title, howpublished, month, year, note
@MISC{PythonGIL,
  author = {Python Software Foundation},
  title = {Thread State and the Global Interpreter Lock},
  month = jan,
  year = 2014,
  note = {available \url{http://docs.python.org/2/c-api/init.html#thread-state-and-the-global-interpreter-lock}}
}

@article{ham2009spud,
  title={Spud 1.0: generalising and automating the user interfaces of scientific computer models},
  author={Ham, DA and Farrell, PE and Gorman, GJ and Maddison, JR and Wilson, CR and Kramer, SC and Shipton, J and Collins, GS and Cotter, CJ and Piggott, MD},
  journal={Geoscientific Model Development},
  volume={2},
  number={1},
  pages={33--42},
  year={2009},
  publisher={Copernicus GmbH}
}
